
@inproceedings{breiman:2001,
    author = {Leo Breiman},
    title = {Random Forests},
    booktitle = {Machine Learning},
    year = 2001,
    pages = {5--32}
}

@book {butt,
  author =	 "Butt, John and Benjamin, Carmen",
  title =	 "A New Reference Grammar of Modern {S}panish",
  publisher =	 "McGraw-Hill",
  year =	 2004,
  edition =	 "Fourth"
}

@article {hall-et-al:2009,
  author =	 "Mark Hall and Eibe Frank and Geoffrey Holmes and Bernhard
                  Pfahringer and Peter Reutemann and Ian H. Witten",
  year =	 2009,
  title =	 "The {WEKA} Data Mining Software: An Update",
  journal =	 "{SIGKDD} Explorations",
  volume =	 11,
  number =	 1
}

@inproceedings{klein-manning-pcfg:2003,
  author =	 "Klein, Dan and Manning, Christopher D.",
  title =	 "Accurate Unlexicalized Parsing",
  booktitle =	 "Proceedings of the 41st Meeting of the Association
                  for Computational Linguistics",
  pages =	 "423--430",
  year =	 2003
}

@inproceedings{marneffe-et-al:2006,
  author =	 {de Marneffe, Marie-Catherine and MacCartney, Bill
                  and Manning, Christopher D.},
  title =	 "Generating Typed Dependency Parses from Phrase
                  Structure Parses",
  booktitle =	 "{LREC} 2006",
  year =	 2006
}

@INPROCEEDINGS{moore:1994,
  author =	 {Andrew W. Moore},
  title =	 {Efficient algorithms for minimizing cross validation
                  error},
  booktitle =	 {Proceedings of the Eleventh International Conference
                  on Machine Learning},
  year =	 1994,
  pages =	 {190--198},
  publisher =	 {Morgan Kaufmann}
}

@book {quinlan:1993,
author = "Quinlan, J. Ross",
title = "{C4.5}: Programs for Machine Learning",
publisher = "Morgan Kaufmann Publishers",
year = 1993
}

@misc{typed-deps-manual,
  author =	 {de Marneffe, Marie-Catherine and Manning,
                  Christopher D.},
  organization = {Stanford University},
  title =	 {{S}tanford typed dependencies manual},
  month =	 sep,
  year =	 2008,
  URL =
                  "http://nlp.stanford.edu/software/dependencies_manual.pdf"
}

@book{weka-book,
  author =	 "Witten, Ian H. and Frank, Eibe",
  title =	 "Data Mining: Practical Machine Learning Tools and
                  Techniques",
  edition =	 "Second",
  year =	 2005,
  publisher =	 "Morgan Kaufmann"
}

@book{whitley:1986,
  author =	 {Whitley, M. Stanley},
  title =	 "{S}panish/{E}nglish Contrasts: A Course in {S}panish
                  Linguistics",
  publisher =	 "Georgetown University Press",
  year =	 1986
}